<record xmlns="http://www.loc.gov/MARC21/slim">
   <leader>04662cam a2200409 i 4500</leader>
   <controlfield tag="001">6775864</controlfield>
   <controlfield tag="003">OCoLC</controlfield>
   <controlfield tag="005">20141229102639.0</controlfield>
   <controlfield tag="008">140828s2015    nyu      b    001 0 eng  </controlfield>
   <datafield ind1=" " ind2=" " tag="010">
      <subfield code="a">  2014021937</subfield>
   </datafield>
   <datafield ind1=" " ind2=" " tag="020">
      <subfield code="a">9780823262274 (hardback)</subfield>
   </datafield>
   <datafield ind1=" " ind2=" " tag="020">
      <subfield code="a">0823262278 (hardback)</subfield>
   </datafield>
   <datafield ind1=" " ind2=" " tag="040">
      <subfield code="a">DLC</subfield>
      <subfield code="b">eng</subfield>
      <subfield code="e">rda</subfield>
      <subfield code="c">DLC</subfield>
      <subfield code="d">YDXCP</subfield>
      <subfield code="d">CHVBK</subfield>
      <subfield code="d">CDX</subfield>
      <subfield code="d">IUL</subfield>
      <subfield code="d">UAB</subfield>
   </datafield>
   <datafield ind1=" " ind2=" " tag="042">
      <subfield code="a">pcc</subfield>
   </datafield>
   <datafield ind1="0" ind2="0" tag="050">
      <subfield code="a">PR55.D47</subfield>
      <subfield code="b">P47 2015</subfield>
   </datafield>
   <datafield ind1="0" ind2="0" tag="082">
      <subfield code="a">809</subfield>
      <subfield code="2">23</subfield>
   </datafield>
   <datafield ind1=" " ind2=" " tag="084">
      <subfield code="a">LIT004290</subfield>
      <subfield code="a">SOC028000</subfield>
      <subfield code="2">bisacsh</subfield>
   </datafield>
   <datafield ind1=" " ind2=" " tag="090">
      <subfield code="a">PR 55 D47 P47 2015</subfield>
      <subfield code="b">AEU</subfield>
   </datafield>
   <datafield ind1="0" ind2="0" tag="245">
      <subfield code="a">Personal effects :</subfield>
      <subfield code="b">essays on memoir, teaching, and culture in the work of Louise DeSalvo /</subfield>
      <subfield code="c">edited by Nancy Caronia and Edvige Giunta.</subfield>
   </datafield>
   <datafield ind1=" " ind2=" " tag="250">
      <subfield code="a">First edition.</subfield>
   </datafield>
   <datafield ind1=" " ind2="1" tag="264">
      <subfield code="a">New York :</subfield>
      <subfield code="b">Fordham University Press,</subfield>
      <subfield code="c">2015.</subfield>
   </datafield>
   <datafield ind1=" " ind2=" " tag="300">
      <subfield code="a">x, 276 pages ;</subfield>
      <subfield code="c">24 cm.</subfield>
   </datafield>
   <datafield ind1=" " ind2=" " tag="336">
      <subfield code="a">text</subfield>
      <subfield code="2">rdacontent</subfield>
   </datafield>
   <datafield ind1=" " ind2=" " tag="337">
      <subfield code="a">unmediated</subfield>
      <subfield code="2">rdamedia</subfield>
   </datafield>
   <datafield ind1=" " ind2=" " tag="338">
      <subfield code="a">volume</subfield>
      <subfield code="2">rdacarrier</subfield>
   </datafield>
   <datafield ind1="1" ind2=" " tag="490">
      <subfield code="a">Critical studies in Italian America</subfield>
   </datafield>
   <datafield ind1=" " ind2=" " tag="504">
      <subfield code="a">Includes bibliographical references and index.</subfield>
   </datafield>
   <datafield ind1="0" ind2="0" tag="505">
      <subfield code="t">Introduction : "Habit of Mind" /</subfield>
      <subfield code="r">Nancy Caronia and Edvige Giunta --</subfield>
      <subfield code="t">Memoir:</subfield>
      <subfield code="t">Louise DeSalvo's "Even in Death, La Bella Figura": A Meditation on Honor, Respect, and the Silences that Bind /</subfield>
      <subfield code="r">Margaux Fragoso;</subfield>
      <subfield code="t">The Poetics of Trauma: Intertextuality, Rhythm, and Concision in Vertigo and Writing as a Way of Healing /</subfield>
      <subfield code="r">Peter Covino;</subfield>
      <subfield code="t">Fixing and Fictioning: Memory and Catholicism in Vertigo /</subfield>
      <subfield code="r">Jeana DelRosso;</subfield>
      <subfield code="t">Portrait of the Mother as a Writer and Researcher /</subfield>
      <subfield code="r">Julija Šukys;</subfield>
      <subfield code="t">Louise DeSalvo: Essaying Memoir /</subfield>
      <subfield code="r">Joshua Fausty  --</subfield>
      <subfield code="t">Teaching:</subfield>
      <subfield code="t">On Vulnerability and Risk: Learning to Write and Teach Memoir as a Student of Louise DeSalvo /</subfield>
      <subfield code="r">Kym Ragusa;</subfield>
      <subfield code="t">Fixing Things: What Louise DeSalvo Has Taught Me about Writing /</subfield>
      <subfield code="r">Emiy Bernard;</subfield>
      <subfield code="t">Dark Whiteness and Literacy without Assimilation: DeSalvo's Unlikely Narrative /</subfield>
      <subfield code="r">Kimberly A. Costino;</subfield>
      <subfield code="t">Mixing Bowl: On Crazy in the Kitchen, DeSalvo in the Classroom, and the Day I Got Into Hunter /</subfield>
      <subfield code="r">Lia Ottaviano;</subfield>
      <subfield code="t">Furthering the Voyage: Reconsidering DeSalvo in Contemporary Woolf Studies /</subfield>
      <subfield code="r">Benjamin D. Hagen --</subfield>
      <subfield code="t">Culture:</subfield>
      <subfield code="t">The Contexts of Louise DeSalvo's Impact: Incest in Virginia Woolf's Biography /</subfield>
      <subfield code="r">Mark Hussey;</subfield>
      <subfield code="t">"Thirty-seven is the Unraveling Time" and Other Fictions of Fidelity in the Works of Louise DeSalvo /</subfield>
      <subfield code="r">Jenn Brandt;</subfield>
      <subfield code="t">Life Online: Skating and Breaking the Surface of the Self /</subfield>
      <subfield code="r">Amy Jo Burns;</subfield>
      <subfield code="t">The Fruits of Her Labor: DeSalvo's Memoirs of Food and Family /</subfield>
      <subfield code="r">Mary Jo Bona and Jennifer-Ann DiGregorio Kightlinger;</subfield>
      <subfield code="t">Mapping the Female Ethnic Self in the Family Battleground: Vertigo and the Greek American Novel /</subfield>
      <subfield code="r">Theodora Patrona;</subfield>
      <subfield code="t">DeSalvo's Rialto: On Moving as a Livable Bridge /</subfield>
      <subfield code="r">Ilaria Serra;</subfield>
      <subfield code="t">The Knife and the Bread, the Brutal and the Sacred: Louise DeSalvo at the Family Table /</subfield>
      <subfield code="r">John Gennari;</subfield>
      <subfield code="t">Afterword: Crazy in the Study: Trying to Claim a Tradition in Louise DeSalvo's -- Accented Writing /</subfield>
      <subfield code="r">Anthony Julian Tamburri.</subfield>
   </datafield>
   <datafield ind1=" " ind2=" " tag="520">
      <subfield code="a">"Celebrating one of the most important Italian American female authors of our time, Personal Effects offers a lucid view of Louise DeSalvo as a writer who has produced a vast and provocative body of memoir writing, a scholar who has enriched our understanding of Virginia Woolf, and a teacher who has transformed countless lives. More than an anthology, Personal Effects represents an author case study and an example for modern Italian American interdisciplinary scholarship. Personal Effects examines DeSalvo's memoirs as works that push the boundaries of the most controversial genre of the past few decades. In these works, the author fearlessly explores issues such as immigration, domesticity, war, adultery, illness, mental health, sexuality, the environment, and trauma through the lens of gender, ethnic, and working-class identity. Alongside her groundbreaking scholarship, DeSalvo's memoirs attest to the power and influence of this feminist Italian American writer"--</subfield>
      <subfield code="c">Provided by publisher.</subfield>
   </datafield>
   <datafield ind1=" " ind2=" " tag="520">
      <subfield code="a">"The two editors and eighteen scholars and creative nonfiction writers offer a lucid view of a writer who has produced one of the most provocative bodies of memoir writing in contemporary US literature, a scholar who has enriched our understanding of Virginia Woolf, and a teacher who has transformed countless lives"--</subfield>
      <subfield code="c">Provided by publisher.</subfield>
   </datafield>
   <datafield ind1=" " ind2=" " tag="596">
      <subfield code="a">16</subfield>
   </datafield>
   <datafield ind1="1" ind2="0" tag="600">
      <subfield code="a">DeSalvo, Louise A.,</subfield>
      <subfield code="d">1942-</subfield>
      <subfield code="x">Criticism and interpretation.</subfield>
   </datafield>
   <datafield ind1="1" ind2=" " tag="700">
      <subfield code="a">Caronia, Nancy,</subfield>
      <subfield code="e">editor.</subfield>
   </datafield>
   <datafield ind1="1" ind2=" " tag="700">
      <subfield code="a">Giunta, Edvige,</subfield>
      <subfield code="e">editor.</subfield>
   </datafield>
   <datafield ind1=" " ind2="0" tag="830">
      <subfield code="a">Critical studies in Italian America.</subfield>
   </datafield>
   <datafield ind1=" " ind2=" " tag="949">
      <subfield code="a">PR 55 D47 P47 2015</subfield>
      <subfield code="c">1</subfield>
      <subfield code="h">UAAU-B</subfield>
      <subfield code="i">0162035223567</subfield>
   </datafield>
   <datafield ind1=" " ind2=" " tag="926">
      <subfield code="a">PR 55 D47 P47 2015</subfield>
      <subfield code="w">LC</subfield>
      <subfield code="c">1</subfield>
      <subfield code="i">0162034576866</subfield>
      <subfield code="l">ON_SHELF</subfield>
      <subfield code="m">UAAUG</subfield>
      <subfield code="p">$150.00</subfield>
      <subfield code="r">Y</subfield>
      <subfield code="s">Y</subfield>
      <subfield code="t">BOOK</subfield>
      <subfield code="u">1/14/2015</subfield>
   </datafield>
</record>
